<?xml version="1.0" encoding="UTF-8"?><collection xmlns="http://www.loc.gov/MARC21/slim"><record><leader>00563nam--2200181-i-4500</leader><controlfield tag="001">000017831</controlfield><controlfield tag="002">20161230</controlfield><controlfield tag="005">20161230201032</controlfield><controlfield tag="008">060222s1000------------r-----000-0-fre-d</controlfield><datafield ind1=" " ind2=" " tag="040"><subfield code="a">IFIN-HH</subfield></datafield><datafield ind1=" " ind2=" " tag="041"><subfield code="a">fre</subfield></datafield><datafield ind1=" " ind2=" " tag="080"><subfield code="a">535.8.681.7(043)</subfield></datafield><datafield ind1="1" ind2=" " tag="100"><subfield code="a">Audet, Jean</subfield></datafield><datafield ind1="1" ind2="0" tag="245"><subfield code="a">Etude numerique et experimentale de discontinuites entre guides d'ondes: application au rayonnement de guides ouverts</subfield><subfield code="b">These</subfield><subfield code="c">Jean xavier audet</subfield></datafield><datafield ind1=" " ind2=" " tag="260"><subfield code="a">Paris</subfield><subfield code="b">Universite Pierre Et Marie-curie</subfield><subfield code="c">1980</subfield></datafield><datafield ind1=" " ind2=" " tag="300"><subfield code="a">132 P</subfield></datafield><datafield ind1=" " ind2=" " tag="852"><subfield code="a">49731</subfield><subfield code="c">535</subfield></datafield><datafield ind1=" " ind2=" " tag="CAT"><subfield code="a">Sys</subfield><subfield code="c">20110125</subfield><subfield code="h">145059</subfield></datafield></record></collection>